@misc{MISC01,
    author          = {Misc},
    title           = {Misc zero um},
    howpublished    = {\url{http://www.ipb.pt}},
    month           = {Fevereiro},
    year            = {2013},
}

@book{BOOK01,
    author          = {Autor, Numero Um, Numero dois, ETC},
    title           = {Titulo do book},
    year            = {2012},
    isbn            = {123456789},
    edition         = {1st},
    publisher       = {Publica√ßoes, lda},
    address         = {Cidade, distrito, PAIS},
}

@Article{ARTIC01,
    author          = {nome do autor do artico},
    title           = {Titulo do Artigo},
    journal         = {Abstract in Proc. Intel European Research \& Innovation Conf., pp. 196, Leixlip},
    month           = {October},
    year            = {2011}
}

@inproceedings{INPROC1,
    author          = {Aoki, Ryo and Oikawa, Shuichi and Nakamura, Takashi and Miki, Satoshi},
    title           = {Hybrid OpenCL: Enhancing OpenCL for Distributed Processing},
    booktitle       = {Proceedings of the 2011 IEEE Ninth International Symposium on Parallel and Distributed Processing with Applications},
    series          = {ISPA '11},
    year            = {2011},
    isbn            = {978-0-7695-4428-1},
    pages           = {149--154},
    numpages        = {6},
    url             = {http://dx.doi.org/10.1109/ISPA.2011.28},
    doi             = {10.1109/ISPA.2011.28},
    acmid           = {2006198},
    publisher       = {IEEE Computer Society},
    address         = {Washington, DC, USA},
    keywords        = {middleware, heterogeneous computing, GPGPU},
}


@techreport{TECH01,
    author          = {Blaise Barney, Lawrence Livermore National Laboratory},
    title           = {POSIX Threads Programming},
    howpublished    = {\url{https://computing.llnl.gov/tutorials/pthreads/}},
    month           = {August},
    year            = {2012}
}


@unpublished{UNPUB01,
    author          = {CENAPAD},
    title           = {Curso de MPI}
}
